@inproceedings{belkin2001laplacian,
  title={Laplacian eigenmaps and spectral techniques for embedding and clustering.},
  author={Belkin, Mikhail and Niyogi, Partha},
  booktitle={Nips},
  volume={14},
  number={14},
  pages={585--591},
  year={2001}
}

@article{belkin2003laplacian,
  title={Laplacian eigenmaps for dimensionality reduction and data representation},
  author={Belkin, Mikhail and Niyogi, Partha},
  journal={Neural computation},
  volume={15},
  number={6},
  pages={1373--1396},
  year={2003},
  publisher={MIT Press}
}

@article{wettschereck1994locally,
  title={Locally adaptive nearest neighbor algorithms},
  author={Wettschereck, Dietrich and Dietterich, Thomas G},
  journal={Advances in Neural Information Processing Systems},
  pages={184--184},
  year={1994},
  publisher={Citeseer}
}

@article{johnson2007effectiveness,
  title={On the effectiveness of Laplacian normalization for graph semi-supervised learning.},
  author={Johnson, Rie and Zhang, Tong},
  journal={Journal of Machine Learning Research},
  volume={8},
  number={7},
  year={2007}
}


@article{peyre2019computational,
  title={Computational optimal transport: With applications to data science},
  author={Peyr{\'e}, Gabriel and Cuturi, Marco and others},
  journal={Foundations and Trends{\textregistered} in Machine Learning},
  volume={11},
  number={5-6},
  pages={355--607},
  year={2019},
  publisher={Now Publishers, Inc.}
}

@article{landa2021doubly,
  title={Doubly stochastic normalization of the Gaussian kernel is robust to heteroskedastic noise},
  author={Landa, Boris and Coifman, Ronald R and Kluger, Yuval},
  journal={SIAM journal on mathematics of data science},
  volume={3},
  number={1},
  pages={388--413},
  year={2021},
  publisher={SIAM}
}

@article{singer2006graph,
  title={From graph to manifold Laplacian: The convergence rate},
  author={Singer, Amit},
  journal={Applied and Computational Harmonic Analysis},
  volume={21},
  number={1},
  pages={128--134},
  year={2006},
  publisher={Elsevier}
}

@article{marshall2019manifold,
  title={Manifold learning with bi-stochastic kernels},
  author={Marshall, Nicholas F and Coifman, Ronald R},
  journal={IMA Journal of Applied Mathematics},
  volume={84},
  number={3},
  pages={455--482},
  year={2019},
  publisher={Oxford University Press}
}

@article{lorenz2021quadratically,
  title={Quadratically regularized optimal transport},
  author={Lorenz, Dirk A and Manns, Paul and Meyer, Christian},
  journal={Applied Mathematics \& Optimization},
  volume={83},
  number={3},
  pages={1919--1949},
  year={2021},
  publisher={Springer}
}

@article{dessein2018regularized,
  title={Regularized optimal transport and the rot mover's distance},
  author={Dessein, Arnaud and Papadakis, Nicolas and Rouas, Jean-Luc},
  journal={The Journal of Machine Learning Research},
  volume={19},
  number={1},
  pages={590--642},
  year={2018},
  publisher={JMLR. org}
}

@inproceedings{cavalletti2015existence,
  title={Existence and uniqueness of optimal transport maps},
  author={Cavalletti, Fabio and Huesmann, Martin},
  booktitle={Annales de l'IHP Analyse non lin{\'e}aire},
  volume={32},
  number={6},
  pages={1367--1377},
  year={2015}
}

@article{karasuyama2017adaptive,
  title={Adaptive edge weighting for graph-based learning algorithms},
  author={Karasuyama, Masayuki and Mamitsuka, Hiroshi},
  journal={Machine Learning},
  volume={106},
  number={2},
  pages={307--335},
  year={2017},
  publisher={Springer}
}

@article{budninskiy2020laplacian,
  title={Laplacian-optimized diffusion for semi-supervised learning},
  author={Budninskiy, Max and Abdelaziz, Ameera and Tong, Yiying and Desbrun, Mathieu},
  journal={Computer Aided Geometric Design},
  volume={79},
  pages={101864},
  year={2020},
  publisher={Elsevier}
}

@article{van2018recovering,
  title={Recovering gene interactions from single-cell data using data diffusion},
  author={Van Dijk, David and Sharma, Roshan and Nainys, Juozas and Yim, Kristina and Kathail, Pooja and Carr, Ambrose J and Burdziak, Cassandra and Moon, Kevin R and Chaffer, Christine L and Pattabiraman, Diwakar and others},
  journal={Cell},
  volume={174},
  number={3},
  pages={716--729},
  year={2018},
  publisher={Elsevier}
}

@article{wang2007label,
  title={Label propagation through linear neighborhoods},
  author={Wang, Fei and Zhang, Changshui},
  journal={IEEE Transactions on Knowledge and Data Engineering},
  volume={20},
  number={1},
  pages={55--67},
  year={2007},
  publisher={IEEE}
}

@article{cayton2005algorithms,
  title={Algorithms for manifold learning},
  author={Cayton, Lawrence},
  journal={Univ. of California at San Diego Tech. Rep},
  volume={12},
  number={1-17},
  pages={1},
  year={2005}
}

@article{balsubramani2019adaptive,
  title={An adaptive nearest neighbor rule for classification},
  author={Balsubramani, Akshay and Dasgupta, Sanjoy and Moran, Shay and others},
  journal={Advances in Neural Information Processing Systems},
  volume={32},
  pages={7579--7588},
  year={2019}
}

@article{coifman2005geometric,
  title={Geometric diffusions as a tool for harmonic analysis and structure definition of data: Diffusion maps},
  author={Coifman, Ronald R and Lafon, Stephane and Lee, Ann B and Maggioni, Mauro and Nadler, Boaz and Warner, Frederick and Zucker, Steven W},
  journal={Proceedings of the national academy of sciences},
  volume={102},
  number={21},
  pages={7426--7431},
  year={2005},
  publisher={National Acad Sciences}
}